% !Mode:: "TeX:UTF-8"

% conference paper for dptm

@INPROCEEDINGS{ThouCrCpTechPer,
  author = {S. Borkar},
  title = {Thousand Core Chips: A Technology Perspective},
  booktitle = {the 44th Design Automation Conference},
  year = 2007,
  pages = {746--749},
  address = {San Diego, USA},
}
@INPROCEEDINGS{MooreRule,
  author = {Moore, G.},
  titile = {Progress in Digital Integrated Electronics},
  booktitle = {IEDM Tech Digest},
  year = 1975,
  pages = {11--13},
  address = {Washigdon D.C., USA},
}

@INPROCEEDINGS{TheoPracLimofDVS,
  author = {B. Zhai},
  title = {Theoretical and Practical Limits of Dynamic Voltage Scaling},
  booktitle = {the 40th Design Automation Conference},
  year = 2004,
  pages = {868--873},
  address = {San Diego, USA},
}

@INPROCEEDINGS{LkDVSRTEmbSys,
  author = {Jejurikar, R. and Pereira, C. and Gupta, R.},
  title = {Leakage Aware Dynamic Voltage Scaling for Real-Time Embedded Systems},
  booktitle = {the 40th Design Automation Conference},
  year = 2004,
  pages = {275--280},
  address = {San Diego, USA},
}

@INPROCEEDINGS{TemSchAsgnHdRTApp,
  author = {Chantem, T. and Dick, R. P. and Hu, X. S.},
  title = {Temperature-aware Scheduling and Assignment for Hard Real-time Applications on MPSoCs},
  booktitle = {Design, Automation \& Test in Europe},
  year = 2008,
  pages = {288--293},
  address = {Munich, Germany},
}

@INPROCEEDINGS{TkSchAlgRTLkPowTemOpt,
  author = {Fu, Z. G. and Sun, C.S. and Luo, Z. Y.},
  title = {A Task Scheduling Algorithm of Real-time Leakage Power and Temperature Optimization},
  booktitle = {Computer Aided Design and Computer Graphics},
  year = 2009,
  pages = {484--491},
  address = {Yellow Mountain City, China},
}


@INPROCEEDINGS{AccTemDepICPowEstEsy,
  author = {Liu, Y. and Dick, R. P. and Shang, L.},
  title = {Accurate Temperature Dependent Integrated Circuit Leakage Power Estimation Is Easy},
  booktitle = {Design, Automation \& Test in Europe},
  year = 2007,
  pages = {1526--1531},
  address = {Nice Acropolis, France},
}

@INPROCEEDINGS{TemMngSysHiPerfPPC,
  author = {Sanchez, H. and Kuttanna, B. and Olson, T.},
  title = {Thermal Management System for High Performance Power PC Microprocessors},
  booktitle = {International Conference on Technologies for the Information Superhighway},
  year = 1997,
  pages = {325--330},
  address = {San Jose, USA},
}

@INPROCEEDINGS{CtrlTechThemRCMdlAccDTM,
  author = {Skadron, K and Abdelzaher, T. and Stan, R. M. and Sankaranarayanan, K. },
  title = {Control-Theoretic Techniques and Thermal-RC Modeling for Accurate and Localized Dynamic Thermal Management},
  booktitle = {High Performance Computer Architecture},
  year = 2002,
  pages = {17--28},
  address = {Boston, USA},
}

@INPROCEEDINGS{PreDTMMulApp,
  author = {Srinivasan, J and Adve, S. V.},
  title = {Predictive Dynamic Thermal Management for Multimedia Applications},
  booktitle = {International Conference on Supercomputing},
  year = 2003,
  pages = {109--120},
  address = {San Francisco, USA},
}

@INPROCEEDINGS{TemLkMinTechRTSys,
  AUTHOR = {Yuan, L. and Leventhal, S. and Qu, G.},
  TITLE = {Temperature-aware Leakage Minimization Technique for Real-time Systems},
  BOOKTITLE = {International Conference on Computer Aided Design},
  YEAR = 2006,
  PUBLISHER = {Piscataway, NJ: IEEE Press},
  PAGES = "761--764",
  ADDRESS = {San Jose, USA},
}


@INPROCEEDINGS{EngRTTskSchTemDepLk,
  author = {Yang, C. Y. and Thiele, L. and Kuo, T. W.},
  title = {Energy-efficient Real-Time Task Scheduling with Temperature-Dependent Leakage},
  booktitle = {International Conference on Computer Aided Design},
  address = {Dresden, Germany},
  year = 2010,
  pages = {9--14},
}

@INPROCEEDINGS{TemIdDistEngOptDVS,
  author = {Bao, M. and Andrei, A. and Eles, P.},
  title = {Temperature-aware Idle Time Distribution for Energy Optimization with Dynamic Voltage Scaling},
  booktitle = {Design, Automation \& Test in Europe},
  address = {Dresden, Germany},
  year = 2010,
  pages = {21--27},
}

@INPROCEEDINGS{LkEngMinRTSysMaxTemConst,
  author = {Huang, H. and Quan, G.},
  title = {Leakage Aware Energy Minimization for Real-Time Systems under the Maximum Temperature Constraint},
  booktitle = {Design, Automation \& Test in Europe},
  address = {Grenoble, France},
  year = 2011,
  pages = {479--484},
}

@INPROCEEDINGS{RTCalSchHdRTSys,
  author = {Thiele, L. and Chakraborty, S. and Naedele, M.},
  title = {Real-time Calculus for Scheduling Hard Real-time Systems},
  booktitle = {International Symposium on Circuits and System},
  address = {Geneva, Switzerland},
  year = 2000,
  pages = {101--104},
}

@INPROCEEDINGS{LkDVSRTEmbSys,
  author = {Jejurikar, R. and Pereira, C. and Gupta R.},
  title = {Leakage-aware Dynamic Voltage Scaling for Real-time Embedded Systems},
  booktitle = {the 40th Design Automation Conference},
  address = {San Diego, USA},
  year = 2004,
  pages = {275--280},
}

@INPROCEEDINGS{LkSchMaxTemMinPerHdRTSys,
  AUTHOR = {Chaturvedi, V. and Huang, H. and Quan, G.},
  TITLE = {Leakage-aware Scheduling on Maximal Temperature Minimization for Periodic Hard Real-time Systems},
  BOOKTITLE = {International Conference on Embedded Software and System},
  ADDRESS = {Bradford, UK},
  YEAR = 2010,
  PAGES = {1802--1809},
}

@INPROCEEDINGS{WCTemAnlyRTSys,
  AUTHOR = {Rai, D. and Yang, H. and Bacivarov, I.},
  TITLE = {Worst-Case Temperature Analysis for Real-Time Systems},
  BOOKTITLE = {Design, Automation \& Test in Europe},
  ADDRESS = {Grenoble, France},
  YEAR = 2011,
  PAGES = {631--636},
}

% conference paper for steady state thermal analysis
@INPROCEEDINGS{MnyDsgThemPer,
  AUTHOR = {Huang, W. and Stan, M. R. and Sankaranarayanan, K.},
  TITLE = {Many-core Design from a Thermal Perspective},
  BOOKTITLE = {the 45th Design Automation Conference},
  YEAR = 2008,
  PAGES = {746--749},
  ADDRESS = {Anaheim, California, USA},
  % PUBLISHER = {New York: ACM Press},
}

@INPROCEEDINGS{ThemOptMulMulFlp,
  AUTHOR = {Healy, M. B. and Lee, H. H. S. and Loh, G. H.},
  TITLE = {Thermal Optimization in Multi-granularity Multi-core Floorplanning},
  BOOKTITLE = {Asia and South Pacific Design Automation Conference},
  YEAR = 2009,
  PUBLISHER = {Piscataway, NJ: IEEE Press},
  PAGES = {43--48},
}

@INPROCEEDINGS{FreqVolPlMulProThemConst,
  AUTHOR = {Michael, K. and Sherief, R.},
  TITLE = {Frequency and Voltage Planning for Multi-core Processors under Thermal Constraints},
  BOOKTITLE = {International Conference on Computer Design},
  YEAR = 2008,
  PUBLISHER = {Los Alamitos: IEEE Computer Society Press},
  YEAR = 2008,
  PAGES = {463--470},
  ADDRESS = {Cancun, Mexico},
}

@INPROCEEDINGS{ThrOptTskAllocThemConstMulPro,
  AUTHOR = {Hanumaiah, V. and Rao, R. and Vrudhula, S.},
  TITLE = {Throughput Optimal Task Allocation under Thermal Constraints for Multi-core Processors},
  BOOKTITLE = {the 46th Design Automation Conference},
  YEAR = 2009,
  PUBLISHER = {New York: ACM Press},
  PAGES = {776--781},
}

@INPROCEEDINGS{TskAllocMinSysPowHomoMulPro,
  AUTHOR = {Ge, Y. and Qiu, Q. R.},
  TITLE = {Task Allocation for Minimum System Power in a Homogenous Multi-core Processor},
  BOOKTITLE = {International Green Computing Conference},
  YEAR = 2010,
  PUBLISHER = {Los Alamitos: IEEE Computer Society Press},
  PAGES = {299--306},
}

@INPROCEEDINGS{ThemOlTskAllocMulProThrOpt,
  AUTHOR = {Lung, C. L. and Ho, Y. L. and Kwai, D. M.},
  TITLE = {Thermal-aware Online Task Allocation for 3D Multi-core Processor Throughput Optimization},
  BOOKTITLE = {Design Automation \& Test in Europe},
  PUBLISHER = {New York: ACM Press},
  YEAR = 2011,
  PAGES = {1--6},
  ADDRESS = {Grenoble, France},
}

@INPROCEEDINGS{LrnAutoRegMdlFstTransThemAlysCp,
  AUTHOR = {Juan, D. C. and Marculescu, D.},
  TITLE = {A Learning-based Autoregressive Model for Fast Transient Thermal Analysis of Chip-multiprocessors},
  BOOKTITLE = {Asia and South Pacific Design Automation Conference},
  YEAR = 2012,
  PUBLISHER = {Piscataway, NJ: IEEE Press},
  PAGES = {597--602},
  ADDRESS = {Sydney, Australia},
}

@INPROCEEDINGS{ElecAlysOptTechNanoIC,
  AUTHOR = {Zhan, Y. and Goplen, B. and Sapatnekar, S. S.},
  TITLE = {Electrothermal Analysis and Optimization Techniques for Nano-scale Integrated Circuits},
  BOOKTITLE = {Asia and South Pacific Design Automation Conference},
  YEAR = 2006,
  PUBLISHER = {Piscataway, NJ: IEEE Press},
  PAGES = {219--222},
  ADDRESS = {Yokohama, Japan},
}

@INPROCEEDINGS{HotCrThemCoupFtrMulArch,
  AUTHOR = {Janicki, M. and Collet, J. H. and Louri, A.},
  TITLE = {HotSpots and Core-to-core Thermal Coupling in Future Multi-core Architectures},
  BOOKTITLE = {the 26th IEEE Semiconductor Thermal Measurement and Management Symposium},
  YEAR = 2010,
  PUBLISHER = {Los Alamitos: IEEE Computer Society Press},
  PAGES = {205--210},
}

@INPROCEEDINGS{TemMicroArch,
  AUTHOR = {Skadron, K. and Stan, M. R. and Huang, W.},
  TITLE = {Temperature-aware Microarchitecture},
  BOOKTITLE = {International Symposium on Computer Architecture},
  YEAR = 2003,
  PUBLISHER = {Los Alamitos: IEEE Computer Society Press},
  PAGES = {2--13},
}

@INPROCEEDINGS{DPTMbyYJQ,
  AUTHOR = {闫佳琪 AND 骆祖莹 AND 赵国兴},
  TITLE = {基于任务精确预测的实时功耗温度管理},
  BOOKTITLE = {第十七届全国计算机辅助设计与图形学学术会议暨第九届全国智能CAD与数字娱乐学术会议论文集},
  PUBLISHER = {清华大学出版社},
  address = {北京},
  PAGES = {513--516},
}

% journal papers for dptm

@ARTICLE{ThmBefMulCrFlrPlLimSty,
  AUTHOR =       "Sankaranarayanan, K. and Meyer, B. H. and  Stan, M. R.",
  TITLE =        "Thermal Benefit of Multi-core Floorplanning: A Limits Study",
  JOURNAL =      "Sustainable Computing, Informatics and Systems",
  PAGES =        "286--293",
  VOLUME =       4,
  YEAR =         2011,
}

@ARTICLE{TheIntMtLPICDigtDsg,
  AUTHOR =       "Santarini, M.",
  TITLE =        "Thermal Integrity: A Must for Low-power-IC Digital Design",
  JOURNAL =      "Sustainable Computing, Informatics and Systems",
  PAGES =        "286--293",
  VOLUME =       4,
  YEAR =         2011,
}

@ARTICLE{TemMicArcMdlImpl,
  AUTHOR =       "Skadron, K. and Stan, R. M. and Sankaranarayanan, K. ",
  TITLE =        "Temperature-aware Microarchitecture: Modeling and Implementation",
  JOURNAL =      "ACM Transactions on Architecture and Code Optimization",
  PAGES =        "94--125",
  VOLUME =       1,
  NUMBER =       1,
  YEAR =         2004,
}

@ARTICLE{NetTraPreWavCombMdl,
  author =       {Sun, H. L. and Jin Y. H. and Cui Y. D.},
  title =        {Network Traffic Prediction by A Wavelet-based Combined Model},
  JOURNAL =      "Chinese Physics B",
  PAGES =        "4760--4768",
  VOLUME =       18,
  NUMBER =       11,
  YEAR =         2009,
}

% journal papers for steady state thermal analysis

@ARTICLE{HotSpotCmptThemMdlMethErVLSIDsn,
  AUTHOR = {Huang, W. and Ghosh, S. and Velusamy, S.},
  TITLE = {HotSpot: A Compact Thermal Modeling Methodology for Early-stage VLSI Design},
  JOURNAL = {IEEE Transactions on Very Large Scale Integration Systems},
  YEAR = 2006,
  VOLUME = 14,
  NUMBER = 5,
  PAGES = "501--513",
}

@ARTICLE{AlphaMicro,
  AUTHOR = {Kessler, R. E. },
  TITLE = {The Alpha 21264 Microprocessor},
  JOURNAL = {Micro},
  YEAR = 1999,
  VOLUME = 19,
  NUMBER = 2,
  PAGES = "24--36",
}

@ARTICLE{TemSupVolPerfPowMdlMicroLvl,
  AUTHOR = {Liao, W. P. and He, L. and Lepak, K. M.},
  TITLE = {Temperature and Supply Voltage Aware Performance and Power Modeling at Microarchitecture Level},
  JOURNAL = {IEEE Transactions on Computer-Aided Design of Integrated Circuits and System},
  YEAR = 2005,
  VOLUME = 24,
  NUMBER = 7,
  PAGES = "1042--1053",
}





@INBOOK{XHXT,
  AUTHOR = {郑君里 and 杨为里},
  TITLE = {信号与系统},
  CHAPTER = {傅里叶变换},
  PUBLISHER = {高等教育出版社},
  YEAR = {2000},
  lang = {zh},
}

@INBOOK{RGSJWLSFYJYY,
  AUTHOR = {田景文 and 高美娟},
  TITLE = {人工神经网络算法研究及应用},
  CHAPTER = {傅里叶变换},
  PUBLISHER = {北京理工大学出版社},
  YEAR = {2006},
  lang = {zh},
}

@MISC{BSIM,
  title = {Berkeley BSIM3 Device Models},
  howpublished = {[EB/OL]},
  note = {\url{http://www.device.EECS.Berkeley.edu/bsim3}},
}

@MISC{YINZHANGDATA,
   TITLE        = {Yin, Zhang},
   HOWPUBLISHED = {[EB/OL]},
   NOTE         = {\url{http://www.cs.utexas.edu/~yzhang/}},
}

@MISC{ITRS
   TITLE = {Wilson, L. and Mangum, S. International Technology Roadmap for Semiconductors (ITRS)},
   HOWPUBLISHED = {[OL]},
   NOTE = {\url{http://public.itrs.net/}},
}

@MISC{MATLAB,
   TITLE = {MATLAB},
   HOWPUBLISHED = {[EB/OL]},
   NOTE = {\url{http://www.mathworks.com/products/matlab/}},
}

@MISC{INTELi7,
   TITLE = {Intel Sandy Bridge-E架构的8核高端CPU},
   HOWPUBLISHED = {[OL]},
   NOTE = {\url{http://ark.intel.com/products/63696}},
}





















@book{IEEE-1363,
  author={{IEEE Std 1363-2000}},
  title={{IEEE} Standard Specifications for Public-Key Cryptography},
  address={New York},
  publisher={IEEE},
  year={2000}
}

@inproceedings{kocher99,
  author={C. Kocher and J. Jaffe and B. Jun},
  title={Differential Power Analysis},
  editor={M. Wiener},
  booktitle={Advances in Cryptology ({CRYPTO}~'99)},
  series={Lecture Notes in Computer Science},
  volume={1666},
  pages={388-397},
  publisher={Springer-Verlag},
  month={August},
  year={1999}
}


@INCOLLECTION{Krasnogor2004e,
  AUTHOR = {N. Krasnogor},
  TITLE = {Towards robust memetic algorithms},
  BOOKTITLE = {Recent Advances in Memetic Algorithms},
  PUBLISHER = {Springer Berlin Heidelberg},
  YEAR = {2004},
  PAGES = {185-207},
  EDITOR = {W.E. Hart and N. Krasnogor and J.E. Smith},
  VOLUME = {166},
  SERIES = {Studies in Fuzziness and Soft Computing},
  ADDRESS = {New York},
}

@INCOLLECTION{zjsw,
  AUTHOR = {班固},
  TITLE = {苏武传},
  BOOKTITLE = {传记散文英华},
  PUBLISHER = {湖北人民出版社},
  YEAR = {1998},
  PAGES = {65-69},
  EDITOR = {郑在瀛 and 汪超宏 and 周文复},
  VOLUME = {2},
  SERIES = {新古文观止丛书},
  ADDRESS = {武汉},
  lang = {zh},
}


@INBOOK{clzs,
  AUTHOR = {阎真},
  TITLE = {沧浪之水},
  CHAPTER = {大人物还是讲人情的},
  PAGES = {185-207},
  PUBLISHER = {人民文学出版社},
  YEAR = {2001},
  lang = {zh},
}

@Book{tex,
 author    = "Donald E. Knuth",
 title     = "The {\TeX} Book",
 publisher = "Addison-Wesley Publishing Company",
 address   = "Reading, MA",
 year      = 1989,
 edition   = "15th",
}

@Book{companion,
 author    = "Michel Goosens and Frank Mittelbach and Alexander Samarin",
 title     = "The {\LaTeX} Companion",
 publisher = "Addison-Wesley Publishing Company",
 address   = "Reading, MA",
 PAGES = "112--125",
 year      = 1994,
}

@ARTICLE{ELIDRISSI94,
  AUTHOR =       "{Chafik El Idrissi}, M. and {Roney}, A. and {Frigon}, C. and
                  {Larzilli{\`e}re}, M.",
  TITLE =        "Measurements of total kinetic-energy released to the {$N=2$}
                  dissociation limit of {H}$_2$ --- evidence of the dissociation
                  of very high vibrational {R}ydberg states of {H}$_2$ by
                  doubly-excited states",
  JOURNAL =      "Chemical Physics Letters",
  PAGES =        "260-266",
  VOLUME =       224,
  NUMBER =       10,
  YEAR =         1994,
}

@ARTICLE{MELLINGER96,
  AUTHOR =       "Mellinger, A. and Vidal, C. R. and Jungen, Ch.",
  TITLE =        "Laser reduced fluorescence study of the carbon-monoxide nd
                  triplet {R}ydberg series-experimental results and multichannel
                  quantum-defect analysis",
  JOURNAL =      "J. Chem. Phys.",
  PAGES =        "8913-8921",
  VOLUME =       104,
  NUMBER =       5,
  YEAR =         1996,
}

@ARTICLE{SHELL02,
  AUTHOR =       "Michael Shell",
  TITLE =        "How to Use the {IEEEtran \LaTeX} Class",
  JOURNAL =      "Journal of {\LaTeX} Class Files",
  YEAR =         2002,
  VOLUME =       12,
  NUMBER =       4,
  PAGES =        "100--120"
}

@TechReport{NPB2,
  title =        {The {NAS} Parallel Benchmarks 2.0},
  author =       {Alex Woo and David Bailey and Maurice Yarrow and Wijngaart
                  Wijngaart and Tim Harris and William Saphir},
  year =         1995,
  month =        dec # "~05",
  institution =  "The Pennsylvania State University CiteSeer Archives",
  url =          "http://www.nasa.org/"
}

@INPROCEEDINGS{DPMG,
  author =       {Kim, Sangbum and Woo, Namyoon and Yeom, Heon Y. and Park,
                  Taesoon and Park, Hyoungwoo},
  title =        {Design and {I}mplementation of {D}ynamic {P}rocess
                  {M}anagement for {G}rid-enabled {MPICH}},
  booktitle =    {the 10th European PVM/MPI Users' Group Conference},
  year =         2003,
  address =      {Venice, Italy},
  month =        sep,
}

@INPROCEEDINGS{cnproceed,
  author =       {王重阳 and 黄药师 and 欧阳峰 and 洪七公 and 段皇帝},
  title =        {武林高手从入门到精通},
  booktitle =    {第~$N$~次华山论剑},
  year =         2006,
  address =      {西安, 中国},
  month =        sep,
  lang =         "zh",
}

@ARTICLE{cnarticle,
  AUTHOR =       "贾宝玉 and 林黛玉 and 薛宝钗 and 贾探春",
  TITLE =        "论刘姥姥食量大如牛之现实意义",
  JOURNAL =      "红楼梦杂谈",
  PAGES =        "260--266",
  VOLUME =       224,
  YEAR =         1800,
  LANG =         "zh",
}

@MastersThesis{zhubajie,
  author =       {猪八戒},
  title =        {论流体食物的持久保存},
  school =       {广寒宫大学},
  year =         2005,
  address =      {北京},
  lang =         "zh",
}

@PhdThesis{shaheshang,
  author =       {沙和尚},
  title =        {论流沙河的综合治理},
  school =       {清华大学},
  year =         2005,
  address =      {北京},
  lang =         "zh",
}

@MastersThesis{metamori2004,
  author =       {Ashwin Raju Jeyakumar},
  title =        {Metamori: A library for Incremental File Checkpointing},
  school =       {Virgina Tech},
  year =         2004,
  month =        jun # "~21",
  address =      {Blacksburg},
}

@PHDTHESIS{FistSystem01,
  AUTHOR =       "Erez Zadok",
  TITLE =        "{FiST: A System for Stackable File System Code Generation}",
  YEAR =         2001,
  MONTH =        "May",
  SCHOOL =       "Computer Science Department, Columbia University",
  ADDRESS =      "USA"
}

@INBOOK{ColdSources,
  AUTHOR =       {P. Gr{\"o}ning and L. Nilsson and P. Ruffieux and R.
                  Clergereaux and O. Gr{\"o}ning},
  TITLE =        {Encyclopedia of Nanoscience and Nanotechnology},
  pages =        {547--579},
  PUBLISHER =    {American Scientific Publishers},
  YEAR =         2004,
  volume =       1,
}
